% file bibliografico: bibliografia.bib

@MastersThesis{tesiarmir,
author = {A. Bujari},
title = {A Delay Tolerant Solution for P2P file sharing in MANETs},
school = {Universit\`a degli Studi di Padova},
year = {2010}
}


@Article{orion,
author = {A. Klemm, C. Lindemann, and O. Waldhorst},
title = { ORION - A Special-Purpose Peer-to-Peer File Sharing System for Mobile Ad Hoc Networks}
}

@Article{humanmobility,
author = {I.Rhee, M.Shin, S.Hong, K.Lee, S.Chong},
title = {Human Mobility Patterns and Their Impact on Routing in Human-Driven Mobile Network}
}


@book{computerNetworks,
 author = {Tanenbaum, Andrew  S.},
 title = {Computer Networks},
 year = {2002},
 isbn = {0130661023},
 edition = {4th},
 publisher = {Prentice Hall Professional Technical Reference}
} 


@book{sistemiOperativi,
 author = {Tanenbaum, Andrew S.},
 title = {Modern Operating Systems},
 year = {2007},
 isbn = {9780136006633},
 edition = {3rd},
 publisher = {Prentice Hall Press},
 address = {Upper Saddle River, NJ, USA}
} 

@inproceedings{socialNetworks,
 author = {Zhang, Yang and Zhao, Jing},
 title = {Social network analysis on data diffusion in delay tolerant networks},
 booktitle = {Proceedings of the tenth ACM international symposium on Mobile ad hoc networking and computing},
 series = {MobiHoc '09},
 year = {2009},
 isbn = {978-1-60558-624-3},
 location = {New Orleans, LA, USA},
 pages = {345--346},
 numpages = {2},
 url = {http://doi.acm.org/10.1145/1530748.1530806},
 doi = {http://doi.acm.org/10.1145/1530748.1530806},
 acmid = {1530806},
 publisher = {ACM},
 address = {New York, NY, USA},
 keywords = {data diffusion, dtn, social network}
} 


@inproceedings{articoloWdm,
 author = {Ekman, Frans and Ker\"{a}nen, Ari and Karvo, Jouni and Ott, J\"{o}rg},
 title = {Working day movement model},
 booktitle = {Proceeding of the 1st ACM SIGMOBILE workshop on Mobility models},
 series = {MobilityModels '08},
 year = {2008},
 isbn = {978-1-60558-111-8},
 location = {Hong Kong, Hong Kong, China},
 pages = {33--40},
 numpages = {8},
 url = {http://doi.acm.org/10.1145/1374688.1374695},
 doi = {http://doi.acm.org/10.1145/1374688.1374695},
 acmid = {1374695},
 publisher = {ACM},
 address = {New York, NY, USA},
 keywords = {DTN, delay-tolerant networking, mobility models, movement model, routing, simulation}
} 

@MastersThesis{tesiMobilityModels,
author = {F.Ekman},
title = {Mobility Models for Mobile Ad Hoc Network Simulations},
school = {Helsinki University of Technology},
year = {2008}
}

@techreport{increasingReality,
    author = {Ker\"{a}nen, Ari and Ott, J\"{o}rg},
    institution = {Helsinki University of Technology},
    keywords = {architecture, delay-tolerant-networking, mobile-network, mobile-networks, mobility, modelling, simulation},
    month = jul,
    posted-at = {2008-11-14 10:32:22},
    priority = {2},
    title = {{Increasing Reality for DTN Protocol Simulations}},
    url = {http://www.netlab.hut.fi/\~{}jo/papers/2007-ONE-DTN-mobility-simulator.pdf},
    year = {2007}
}



@inproceedings{articoloONE,
 author = {A.Ker\"{a}nen, J.Ott, T.K\"{a}rkk\"{a}inen},
 title = {{The ONE Simulator for DTN Protocol Evaluation}},
 booktitle = {SIMUTools '09: Proceedings of the 2nd International Conference on Simulation Tools and Techniques},
 year = {2009},
 isbn = {978-963-9799-45-5},
 pages = {},
 location = {Rome, Italy},
 doi = {},
 publisher = {ICST},
 address = {New York, NY, USA},
}

@inproceedings{panelStateDTNEvaluation,
 author = {Walker, Brenton and Tsuru, Masato and Caro, Armando and Ker\"{a}nen, Ari and Ott, J\"{o}rg and K\"{a}rkk\"{a}inen, Teemu and Yamamura, Shinya and Nagata, Akira},
 title = {The state of DTN evaluation},
 booktitle = {Proceedings of the 5th ACM workshop on Challenged networks},
 series = {CHANTS '10},
 year = {2010},
 isbn = {978-1-4503-0139-8},
 location = {Chicago, Illinois, USA},
 pages = {29--30},
 numpages = {2},
 url = {http://doi.acm.org/10.1145/1859934.1859941},
 doi = {http://doi.acm.org/10.1145/1859934.1859941},
 acmid = {1859941},
 publisher = {ACM},
 address = {New York, NY, USA},
 keywords = {delay-tolerant network, evaluation},
} 

