% file bibliografico: bibliografia.bib

@MastersThesis{tesiarmir,
author = {A. Bujari},
title = {A Delay Tolerant Solution for P2P file sharing in MANETs},
school = {Universit√† degli Studi di Padova},
year = {2010}
}


@Article{orion,
author = {A. Klemm, C. Lindemann, and O. Waldhorst},
title = { ORION - A Special-Purpose Peer-to-Peer File Sharing System for Mobile Ad Hoc Networks}
}

@Article{humanmobility,
author = {I.Rhee, M.Shin, S.Hong, K.Lee, S.Chong},
title = {Human Mobility Patterns and Their Impact on Routing in Human-Driven Mobile Network}
}

@Book{computerNetworks,
author = {A. Tannenbaum},
title = {Computer Networks},
publisher = {Prentice Hall},
year = {2002},
edition = {2},
}

@Book{sistemiOperativi,
author = {A. Tannenbaum},
title = {Modern Operating Systems},
publisher = {Prentice Hall},
year = {da verificare anno},
edition = {4}
}

@Article{socialNetworks,
author = {Y.Zhang, J.Zhao},
title = {Social Network Analysis on Data Diffusion in Delay Tolerant Networks},
year = {2009}
}

@InProceedings{articoloWdm,
author = {F.Ekman, A.Ker\"{a}nen, J.Karvo, J.Ott},
title = {Working day movement model},
booktitle = {ACM/SIGMOBILE Workshop on Mobility Models for Networking Research},
year = {2008},
month = {Maggio}
}

@MastersThesis{tesiMobilityModels,
author = {F.Ekman},
title = {Mobility Models for Mobile Ad Hoc Network Simulations},
school = {Helsinki University of Technology},
year = {2008}
}

@TechReport{increasingReality,
author = {A.Ker\"{a}nen, J.Ott},
title = {Increasing Reality for DTN Protocol Simulations},
institution = {Helsinki University of Technology, Networking Laboratory, July },
month = {Luglio}
}

@Article{articoloONE,
author = {A.Ker\"{a}nen, J.Ott, T.K\"{a}rkk\"{a}inen},
title = {The ONE Simulator for DTN Protocol Evaluation},
year = {2009}
}



